@inproceedings{Dremel,
  title  = {Dremel: A Decade of Interactive SQL Analysis at Web Scale},
  author = {Andrey Gubarev and Dan Delorey and Geoffrey Michael Romer and Hossein Ahmadi and Jeff Shute and Jing Jing Long and Matt Tolton and Mosha Pasumansky and Narayanan Shivakumar and Sergey Melnik and Slava Min and Theo Vassilakis},
  year   = {2020},
  url    = {http://www.vldb.org/pvldb/vol13/p3461-melnik.pdf},
  pages  = {3461-3472}
}